
  <record type="Authority">
    <leader>00000nz  a2200000n  4500</leader>
    <controlfield tag="001">000114987</controlfield>
    <controlfield tag="003">DE-101</controlfield>
    <controlfield tag="005">20160407162338.0</controlfield>
    <controlfield tag="008">890418n||azznnaabn           | ana    |c</controlfield>
    <datafield tag="024" ind1="7" ind2=" ">
      <subfield code="a">http://d-nb.info/gnd/11498-4</subfield>
      <subfield code="2">uri</subfield>
    </datafield>
    <datafield tag="035" ind1=" " ind2=" ">
      <subfield code="a">(DE-101)000114987</subfield>
    </datafield>
    <datafield tag="035" ind1=" " ind2=" ">
      <subfield code="a">(DE-588)11498-4</subfield>
    </datafield>
    <datafield tag="035" ind1=" " ind2=" ">
      <subfield code="z">(DE-588b)11498-4</subfield>
      <subfield code="9">v:zg</subfield>
    </datafield>
    <datafield tag="040" ind1=" " ind2=" ">
      <subfield code="a">DE-1</subfield>
      <subfield code="9">r:DE-1</subfield>
      <subfield code="b">ger</subfield>
      <subfield code="d">8999</subfield>
      <subfield code="e">rda</subfield>
    </datafield>
    <datafield tag="043" ind1=" " ind2=" ">
      <subfield code="c">XA-DE</subfield>
    </datafield>
    <datafield tag="079" ind1=" " ind2=" ">
      <subfield code="a">g</subfield>
      <subfield code="b">g</subfield>
      <subfield code="c">1</subfield>
      <subfield code="q">f</subfield>
      <subfield code="q">s</subfield>
      <subfield code="u">z</subfield>
      <subfield code="u">v</subfield>
      <subfield code="v">gik</subfield>
      <subfield code="v">giv</subfield>
    </datafield>
    <datafield tag="151" ind1=" " ind2=" ">
      <subfield code="a">Provinz Hannover</subfield>
    </datafield>
    <datafield tag="451" ind1=" " ind2=" ">
      <subfield code="a">Hannover</subfield>
      <subfield code="g">Provinz</subfield>
      <subfield code="9">4:naaf</subfield>
      <subfield code="w">r</subfield>
      <subfield code="i">Alte Ansetzungsform</subfield>
    </datafield>
    <datafield tag="548" ind1=" " ind2=" ">
      <subfield code="a">1867-1946</subfield>
      <subfield code="9">4:datb</subfield>
      <subfield code="w">r</subfield>
      <subfield code="i">Zeitraum</subfield>
    </datafield>
    <datafield tag="550" ind1=" " ind2=" ">
      <subfield code="0">(DE-101)041760360</subfield>
      <subfield code="0">(DE-588)4176036-0</subfield>
      <subfield code="0">http://d-nb.info/gnd/4176036-0</subfield>
      <subfield code="a">Provinz</subfield>
      <subfield code="9">4:obin</subfield>
      <subfield code="w">r</subfield>
      <subfield code="i">Oberbegriff instantiell</subfield>
    </datafield>
    <datafield tag="551" ind1=" " ind2=" ">
      <subfield code="0">(DE-101)040947033</subfield>
      <subfield code="0">(DE-588)4094703-8</subfield>
      <subfield code="0">http://d-nb.info/gnd/4094703-8</subfield>
      <subfield code="a">Staat Hannover</subfield>
      <subfield code="9">4:vorg</subfield>
      <subfield code="w">r</subfield>
      <subfield code="i">Vorgaenger</subfield>
    </datafield>
    <datafield tag="551" ind1=" " ind2=" ">
      <subfield code="0">(DE-101)040947033</subfield>
      <subfield code="0">(DE-588)4094703-8</subfield>
      <subfield code="0">http://d-nb.info/gnd/4094703-8</subfield>
      <subfield code="a">Staat Hannover</subfield>
      <subfield code="9">4:nach</subfield>
      <subfield code="w">r</subfield>
      <subfield code="i">Nachfolger</subfield>
    </datafield>
    <datafield tag="670" ind1=" " ind2=" ">
      <subfield code="a">GKD</subfield>
    </datafield>
    <datafield tag="913" ind1=" " ind2=" ">
      <subfield code="S">gkd</subfield>
      <subfield code="i">a</subfield>
      <subfield code="a">Hannover &lt;Provinz&gt;</subfield>
      <subfield code="0">(DE-588b)11498-4</subfield>
    </datafield>
  </record>