
  <record type="Authority">
    <leader>00000nz  a2200000n  4500</leader>
    <controlfield tag="001">000115541</controlfield>
    <controlfield tag="003">DE-101</controlfield>
    <controlfield tag="005">20120511094834.0</controlfield>
    <controlfield tag="008">890418n||aznnnaabn           | ana    |c</controlfield>
    <datafield tag="024" ind1="7" ind2=" ">
      <subfield code="a">http://d-nb.info/gnd/11554-X</subfield>
      <subfield code="2">uri</subfield>
    </datafield>
    <datafield tag="035" ind1=" " ind2=" ">
      <subfield code="a">(DE-101)000115541</subfield>
    </datafield>
    <datafield tag="035" ind1=" " ind2=" ">
      <subfield code="a">(DE-588)11554-X</subfield>
    </datafield>
    <datafield tag="035" ind1=" " ind2=" ">
      <subfield code="z">(DE-588b)11554-X</subfield>
      <subfield code="9">v:zg</subfield>
    </datafield>
    <datafield tag="040" ind1=" " ind2=" ">
      <subfield code="a">DE-1</subfield>
      <subfield code="9">r:DE-1</subfield>
      <subfield code="b">ger</subfield>
      <subfield code="d">9002</subfield>
    </datafield>
    <datafield tag="043" ind1=" " ind2=" ">
      <subfield code="c">XA-DXDE</subfield>
    </datafield>
    <datafield tag="079" ind1=" " ind2=" ">
      <subfield code="a">g</subfield>
      <subfield code="b">g</subfield>
      <subfield code="c">1</subfield>
      <subfield code="q">f</subfield>
      <subfield code="u">z</subfield>
      <subfield code="u">v</subfield>
      <subfield code="v">gik</subfield>
    </datafield>
    <datafield tag="151" ind1=" " ind2=" ">
      <subfield code="a">Lübeck</subfield>
      <subfield code="g">Oldenburgischer Landesteil</subfield>
    </datafield>
    <datafield tag="451" ind1=" " ind2=" ">
      <subfield code="a">Landesteil Lübeck</subfield>
    </datafield>
    <datafield tag="451" ind1=" " ind2=" ">
      <subfield code="a">Fürstenthum Lübeck</subfield>
    </datafield>
    <datafield tag="451" ind1=" " ind2=" ">
      <subfield code="a">Fürstentum Lübeck</subfield>
    </datafield>
    <datafield tag="451" ind1=" " ind2=" ">
      <subfield code="a">Fürstenthum Lübek</subfield>
    </datafield>
    <datafield tag="913" ind1=" " ind2=" ">
      <subfield code="S">gkd</subfield>
      <subfield code="i">a</subfield>
      <subfield code="a">Lübeck &lt;Oldenburgischer Landesteil&gt;</subfield>
      <subfield code="0">(DE-588b)11554-X</subfield>
    </datafield>
  </record>