
  <record type="Authority">
    <leader>00000nz  a2200000n  4500</leader>
    <controlfield tag="001">000141437</controlfield>
    <controlfield tag="003">DE-101</controlfield>
    <controlfield tag="005">20100729085332.0</controlfield>
    <controlfield tag="008">890418n||aznnnaabn           | ana    |c</controlfield>
    <datafield tag="024" ind1="7" ind2=" ">
      <subfield code="a">http://d-nb.info/gnd/14143-4</subfield>
      <subfield code="2">uri</subfield>
    </datafield>
    <datafield tag="035" ind1=" " ind2=" ">
      <subfield code="a">(DE-101)000141437</subfield>
    </datafield>
    <datafield tag="035" ind1=" " ind2=" ">
      <subfield code="a">(DE-588)14143-4</subfield>
    </datafield>
    <datafield tag="035" ind1=" " ind2=" ">
      <subfield code="z">(DE-588b)14143-4</subfield>
      <subfield code="9">v:zg</subfield>
    </datafield>
    <datafield tag="040" ind1=" " ind2=" ">
      <subfield code="a">DE-1</subfield>
      <subfield code="9">r:DE-1</subfield>
      <subfield code="b">ger</subfield>
      <subfield code="d">9999</subfield>
    </datafield>
    <datafield tag="043" ind1=" " ind2=" ">
      <subfield code="c">XE-MH</subfield>
      <subfield code="c">XE-MP</subfield>
    </datafield>
    <datafield tag="079" ind1=" " ind2=" ">
      <subfield code="a">g</subfield>
      <subfield code="b">g</subfield>
      <subfield code="c">1</subfield>
      <subfield code="q">f</subfield>
      <subfield code="u">z</subfield>
      <subfield code="v">gik</subfield>
    </datafield>
    <datafield tag="151" ind1=" " ind2=" ">
      <subfield code="a">Pacific Islands</subfield>
    </datafield>
    <datafield tag="451" ind1=" " ind2=" ">
      <subfield code="a">Trust Territory of the Pacific Islands</subfield>
    </datafield>
    <datafield tag="451" ind1=" " ind2=" ">
      <subfield code="a">Pacific Islands</subfield>
      <subfield code="g">Trust Territory</subfield>
    </datafield>
    <datafield tag="451" ind1=" " ind2=" ">
      <subfield code="a">Micronesia</subfield>
      <subfield code="g">Trust Territory</subfield>
    </datafield>
    <datafield tag="451" ind1=" " ind2=" ">
      <subfield code="a">Mikronesien</subfield>
      <subfield code="g">Trust Territory</subfield>
    </datafield>
    <datafield tag="451" ind1=" " ind2=" ">
      <subfield code="a">Iles du Pacifique</subfield>
    </datafield>
    <datafield tag="451" ind1=" " ind2=" ">
      <subfield code="a">Territoire des Iles du Pacifique</subfield>
    </datafield>
    <datafield tag="451" ind1=" " ind2=" ">
      <subfield code="a">Territoire sous Tutelle des Iles du Pacifique</subfield>
    </datafield>
    <datafield tag="667" ind1=" " ind2=" ">
      <subfield code="a">Maschinelle Ergänzung der SWD-Nummer</subfield>
    </datafield>
    <datafield tag="679" ind1=" " ind2=" ">
      <subfield code="a">Umfaßt: Marshall Islands mit Caroline Islands, Commonwealth of the Northern Mariana Islands - ohne Guam, Federated States of Micronesia, Republic of Belau</subfield>
    </datafield>
    <datafield tag="913" ind1=" " ind2=" ">
      <subfield code="S">gkd</subfield>
      <subfield code="i">a</subfield>
      <subfield code="a">Pacific Islands</subfield>
      <subfield code="0">(DE-588b)14143-4</subfield>
    </datafield>
  </record>